<record><leader>00000cas a22000007a 4500</leader><controlfield tag="001">40277100</controlfield><controlfield tag="008">981110d18871889tnuwr ne      0    0eng d</controlfield><datafield ind1=" " ind2=" " tag="010"><subfield code="a">sn 98069506 </subfield></datafield><datafield ind1=" " ind2=" " tag="040"><subfield code="a">TGN</subfield><subfield code="b">eng</subfield><subfield code="c">TGN</subfield><subfield code="d">OCLCQ</subfield><subfield code="d">OCLCF</subfield><subfield code="d">OCLCO</subfield></datafield><datafield ind1="1" ind2=" " tag="029"><subfield code="a">AU@</subfield><subfield code="b">000024789751</subfield></datafield><datafield ind1=" " ind2=" " tag="042"><subfield code="a">msc</subfield></datafield><datafield ind1=" " ind2=" " tag="043"><subfield code="a">n-us-tn</subfield></datafield><datafield ind1="0" ind2=" " tag="130"><subfield code="a">Clinton weekly gazette (Clinton, Tenn.)</subfield></datafield><datafield ind1="1" ind2="0" tag="245"><subfield code="a">Clinton weekly gazette.</subfield></datafield><datafield ind1=" " ind2=" " tag="260"><subfield code="a">Clinton, Tenn. :</subfield><subfield code="b">J.R. Fox</subfield></datafield><datafield ind1=" " ind2=" " tag="300"><subfield code="a">v.</subfield></datafield><datafield ind1=" " ind2=" " tag="310"><subfield code="a">Weekly</subfield></datafield><datafield ind1="1" ind2=" " tag="362"><subfield code="a">Began with issue for Dec. 16, 1887?</subfield></datafield><datafield ind1="0" ind2=" " tag="362"><subfield code="a">-v. 2, no. 25 (June 6, 1889).</subfield></datafield><datafield ind1=" " ind2=" " tag="588"><subfield code="a">Description based on: Vol. 1, no. 4 (Jan. 6, 1888).</subfield></datafield><datafield ind1=" " ind2="0" tag="651"><subfield code="a">Clinton (Tenn.)</subfield><subfield code="v">Newspapers.</subfield></datafield><datafield ind1=" " ind2="0" tag="651"><subfield code="a">Anderson County (Tenn.)</subfield><subfield code="v">Newspapers.</subfield></datafield><datafield ind1=" " ind2="7" tag="655"><subfield code="a">Newspapers.</subfield><subfield code="2">fast</subfield><subfield code="0">(OCoLC)fst01423814</subfield></datafield><datafield ind1=" " ind2="7" tag="651"><subfield code="a">Tennessee</subfield><subfield code="z">Anderson County.</subfield><subfield code="2">fast</subfield><subfield code="0">(OCoLC)fst01218673</subfield></datafield><datafield ind1=" " ind2="7" tag="651"><subfield code="a">Tennessee</subfield><subfield code="z">Clinton.</subfield><subfield code="2">fast</subfield><subfield code="0">(OCoLC)fst01213479</subfield></datafield><datafield ind1=" " ind2=" " tag="752"><subfield code="a">United States</subfield><subfield code="b">Tennessee</subfield><subfield code="c">Anderson</subfield><subfield code="d">Clinton.</subfield></datafield><datafield ind1="0" ind2="0" tag="785"><subfield code="t">Cinton gazette (Clinton, Tenn.)</subfield><subfield code="w">(DLC)sn 98069507</subfield></datafield></record>